<?xml version="1.0" encoding="UTF-8"?><collection xmlns="http://www.loc.gov/MARC21/slim"><record><leader>00462nam--2200169-i-4500</leader><controlfield tag="001">000020413</controlfield><controlfield tag="002">20161230</controlfield><controlfield tag="005">20170111234358</controlfield><controlfield tag="008">060222s1000------------r-----000-0-eng-d</controlfield><datafield ind1=" " ind2=" " tag="080"><subfield code="a">530.1:539.12</subfield></datafield><datafield ind1=" " ind2=" " tag="245"><subfield code="a">Elementary particle physics</subfield></datafield><datafield ind1=" " ind2=" " tag="260"><subfield code="a">New York</subfield><subfield code="b">Gordon And Breach, Sc.Publ</subfield><subfield code="c">1969-</subfield></datafield><datafield ind1=" " ind2=" " tag="300"><subfield code="a">XXI +/631-989/p</subfield></datafield><datafield ind1=" " ind2=" " tag="490"><subfield code="a">Lectures In Theoretical Physics</subfield></datafield><datafield ind1=" " ind2=" " tag="700"><subfield code="a">Mahanthappa, Kalayana T</subfield></datafield><datafield ind1=" " ind2=" " tag="852"><subfield code="a">15333</subfield></datafield><datafield ind1=" " ind2=" " tag="CAT"><subfield code="a">SYS</subfield><subfield code="c">20170111</subfield><subfield code="h">234358</subfield></datafield></record></collection>